<?xml version="1.0" encoding="utf-8"?>
<Document xmlns:xsi="http://www.w3.org/2001/XMLSchema-instance" xmlns="urn:iso:std:iso:20022:tech:xsd:pain.001.001.03">
  <CstmrCdtTrfInitn>
    <GrpHdr>
      <MsgId>38fa40aa705f44efb0da16abe44f08bc</MsgId>
      <CreDtTm>2018-10-31T10:33:01</CreDtTm>
      <NbOfTxs>2</NbOfTxs>
      <CtrlSum>10</CtrlSum>
      <InitgPty>
        <Nm>Casablanca JV Org</Nm>
      </InitgPty>
    </GrpHdr>
    <PmtInf>
      <PmtInfId>0000000001</PmtInfId>
      <PmtMtd>TRF</PmtMtd>
      <NbOfTxs>2</NbOfTxs>
      <CtrlSum>10</CtrlSum>
      <PmtTpInf>
        <SvcLvl>
          <Cd>NURG</Cd>
        </SvcLvl>
      </PmtTpInf>
      <ReqdExctnDt>2018-10-31</ReqdExctnDt>
      <Dbtr>
        <Nm>DFSP1</Nm>
        <PstlAdr>
          <Ctry>CI</Ctry>
        </PstlAdr>
        <Id>
          <OrgId>
            <BICOrBEI>CITICIAX</BICOrBEI>
          </OrgId>
        </Id>
      </Dbtr>
      <DbtrAcct>
        <Id>
          <Othr>
            <Id>1234567890</Id>
          </Othr>
        </Id>
        <Ccy>XOF</Ccy>
      </DbtrAcct>
      <DbtrAgt>
        <FinInstnId>
          <BIC>CITICIAX</BIC>
          <PstlAdr>
            <Ctry>CI</Ctry>
          </PstlAdr>
        </FinInstnId>
      </DbtrAgt>
      <CdtTrfTxInf>
        <PmtId>
          <EndToEndId>0000000001</EndToEndId>
        </PmtId>
        <Amt>
          <InstdAmt Ccy="XOF">5</InstdAmt>
        </Amt>
        <ChrgBr>DEBT</ChrgBr>
        <CdtrAgt>
          <FinInstnId>
            <BIC>CITICIAX</BIC>
            <ClrSysMmbId>
              <MmbId>0901</MmbId>
            </ClrSysMmbId>
            <Nm>CITIBANK(ISO)</Nm>
            <PstlAdr>
              <Ctry>CI</Ctry>
            </PstlAdr>
          </FinInstnId>
        </CdtrAgt>
        <Cdtr>
          <Nm>DFSP2</Nm>
          <PstlAdr>
            <Ctry>CI</Ctry>
          </PstlAdr>
          <CtctDtls>
            <Nm>Casablanca JV Org</Nm>
          </CtctDtls>
        </Cdtr>
        <CdtrAcct>
          <Id>
            <Othr>
              <Id>1234567890</Id>
            </Othr>
          </Id>
        </CdtrAcct>
        <RmtInf>
          <Ustrd>Settlement Window Id</Ustrd>
        </RmtInf>
      </CdtTrfTxInf>
      <CdtTrfTxInf>
        <PmtId>
          <EndToEndId>0000000002</EndToEndId>
        </PmtId>
        <Amt>
          <InstdAmt Ccy="XOF">5</InstdAmt>
        </Amt>
        <ChrgBr>DEBT</ChrgBr>
        <CdtrAgt>
          <FinInstnId>
            <BIC>CITICIAX</BIC>
            <ClrSysMmbId>
              <MmbId>0901</MmbId>
            </ClrSysMmbId>
            <Nm>CITIBANK(ISO)</Nm>
            <PstlAdr>
              <Ctry>CI</Ctry>
            </PstlAdr>
          </FinInstnId>
        </CdtrAgt>
        <Cdtr>
          <Nm>DFSP3</Nm>
          <PstlAdr>
            <Ctry>CI</Ctry>
          </PstlAdr>
          <CtctDtls>
            <Nm>Casablanca JV Org</Nm>
          </CtctDtls>
        </Cdtr>
        <CdtrAcct>
          <Id>
            <Othr>
              <Id>0987654321</Id>
            </Othr>
          </Id>
        </CdtrAcct>
        <RmtInf>
          <Ustrd>Settlement Window Id</Ustrd>
        </RmtInf>
      </CdtTrfTxInf>
    </PmtInf>
  </CstmrCdtTrfInitn>
</Document>
